<record><leader>00000cas a2200000 a 4500</leader><controlfield tag="001">12181265</controlfield><controlfield tag="008">850620d19191983ksuwr ne      0    0eng d</controlfield><datafield ind1=" " ind2=" " tag="010"><subfield code="a">sn 85029351 </subfield></datafield><datafield ind1=" " ind2=" " tag="040"><subfield code="a">KSH</subfield><subfield code="b">eng</subfield><subfield code="c">KSH</subfield><subfield code="d">NPT</subfield><subfield code="d">NSD</subfield><subfield code="d">OCL</subfield><subfield code="d">OCLCQ</subfield></datafield><datafield ind1=" " ind2=" " tag="042"><subfield code="a">msc</subfield></datafield><datafield ind1="0" ind2="4" tag="245"><subfield code="a">The Enterprise-chronicle.</subfield></datafield><datafield ind1=" " ind2=" " tag="260"><subfield code="a">Burlingame, Kan. :</subfield><subfield code="b">Stodard &amp; Riddle,</subfield><subfield code="c">1919-1983.</subfield></datafield><datafield ind1=" " ind2=" " tag="300"><subfield code="a">64 v. :</subfield><subfield code="b">ill. ;</subfield><subfield code="c">38-58 cm.</subfield></datafield><datafield ind1=" " ind2=" " tag="310"><subfield code="a">Weekly</subfield></datafield><datafield ind1="0" ind2=" " tag="362"><subfield code="a">Enterprise, vol. 24, no. 34 (June 5, 1919)-Enterprise, v. 58, no. 33 (Apr. 22, 1954) = Chronicle, v. 56, no. 34-Chronicle, v. 90, no. 33 ; v. 91, no. 34 (Apr. 29, 1954)-v. 120, no. 129 (Mar. 31, 1893).</subfield></datafield><datafield ind1=" " ind2=" " tag="500"><subfield code="a">Publisher varies.</subfield></datafield><datafield ind1=" " ind2=" " tag="515"><subfield code="a">Includes magazine section called: Nowadays, Nov. 14, 1948-June 4, 1949.</subfield></datafield><datafield ind1=" " ind2=" " tag="752"><subfield code="a">United States</subfield><subfield code="b">Kansas</subfield><subfield code="c">Osage</subfield><subfield code="d">Burlingame.</subfield></datafield><datafield ind1="0" ind2="4" tag="780"><subfield code="t">Burlingame enterprise</subfield><subfield code="w">(DLC)sn 85029349</subfield></datafield><datafield ind1="0" ind2="4" tag="780"><subfield code="t">Osage County chronicle (Burlingame, Kan. : 1872)</subfield><subfield code="w">(DLC)sn 84027606</subfield></datafield><datafield ind1="0" ind2="7" tag="785"><subfield code="t">Citizen-times (Overbrook, Kan.)</subfield><subfield code="w">(DLC)sn 85029400</subfield></datafield><datafield ind1="0" ind2="7" tag="785"><subfield code="t">Osage County chronicle (Burlingame, Kan. : 1983)</subfield><subfield code="x">1040-6077</subfield><subfield code="w">(DLC)sn 85029352</subfield></datafield></record>